<record><leader>00000cas a22000007a 4500</leader><controlfield tag="001">10118021</controlfield><controlfield tag="008">831110d18991901ksuwr ne      0   a0eng d</controlfield><datafield ind1=" " ind2=" " tag="010"><subfield code="a">sn 83040816 </subfield></datafield><datafield ind1=" " ind2=" " tag="040"><subfield code="a">KSH</subfield><subfield code="b">eng</subfield><subfield code="c">KSH</subfield><subfield code="d">NPT</subfield><subfield code="d">OCL</subfield><subfield code="d">OCLCQ</subfield></datafield><datafield ind1=" " ind2=" " tag="019"><subfield code="a">10106585</subfield><subfield code="a">10118009</subfield></datafield><datafield ind1=" " ind2=" " tag="042"><subfield code="a">msc</subfield></datafield><datafield ind1=" " ind2=" " tag="043"><subfield code="a">n-us-ks</subfield></datafield><datafield ind1="0" ind2=" " tag="130"><subfield code="a">Wakefield searchlight (Wakefield, Kan. : 1899)</subfield></datafield><datafield ind1="1" ind2="4" tag="245"><subfield code="a">The Wakefield searchlight.</subfield></datafield><datafield ind1="3" ind2="0" tag="246"><subfield code="a">Searchlight</subfield></datafield><datafield ind1=" " ind2=" " tag="260"><subfield code="a">Wakefield, Kan. :</subfield><subfield code="b">W.E. Miller,</subfield><subfield code="c">1899-1901.</subfield></datafield><datafield ind1=" " ind2=" " tag="300"><subfield code="a">1 v. :</subfield><subfield code="b">ill. ;</subfield><subfield code="c">50-54 cm.</subfield></datafield><datafield ind1=" " ind2=" " tag="310"><subfield code="a">Weekly</subfield></datafield><datafield ind1="0" ind2=" " tag="362"><subfield code="a">Vol. 1, no. 1 (Aug. 28, 1899)-v. 3, no. 18 (Dec. 19, 1901).</subfield></datafield><datafield ind1=" " ind2=" " tag="500"><subfield code="a">Published as: Searchlight, June 7, 1900-Feb. 28, 1901.</subfield></datafield><datafield ind1=" " ind2=" " tag="500"><subfield code="a">Published by Ed Miller, June 7, 1900-Dec. 19, 1901.</subfield></datafield><datafield ind1=" " ind2=" " tag="500"><subfield code="a">Editor: W.E. Miller.</subfield></datafield><datafield ind1="1" ind2=" " tag="700"><subfield code="a">Miller, W. E.</subfield></datafield><datafield ind1=" " ind2=" " tag="752"><subfield code="a">United States</subfield><subfield code="b">Kansas</subfield><subfield code="c">Clay</subfield><subfield code="d">Wakefield.</subfield></datafield></record>